@article{longuet1981computer,
  title={A computer algorithm for reconstructing a scene from two projections},
  author={Longuet-Higgins, H Christopher},
  journal={Nature},
  volume={293},
  number={5828},
  pages={133--135},
  year={1981},
  publisher={Springer}
}
